% IMPORTANT: Latex special characters are: # $ % & \ ^ _ { } ~. To avoid mistakes when compiling the reference list try writing \ before. For: \ use \textbackslash ; for ^ \textasciitilde and ~ \textasciicircum.

% usage:
% - \parencite[prenote][postnote]{id}
% https://www.overleaf.com/learn/latex/How_to_Write_a_Thesis_in_LaTeX_(Part_4)%3A_Bibliographies_with_BibLaTeX

% @book{key,
%   author         = {},
%   title          = {},
%   edition        = {},
%   series         = {},
%   publisher      = {},
%   year           = {},
%   url            = {},
% }

% @article{key,
%   author          = {},
%   journal         = {},
%   number          = {},
%   title           = {},
%   volume          = {},
%   year            = {},
%   doi             = {},
% }

% @online{key,
%   author          = {},
%   title           = {},
%   year            = {},
%   url             = {},
%   urldate         = {},
% }

% @techreport{IEEE830-1984,
%   title       = {{IEEE Guide for Software Requirements Specifications}},
%   type        = {IEEE Std.},
%   number      = {830-1984},
%   year        = {1984},
%   institution = {Institute of Electrical and Electronics Engineers},
%   doi         = {10.1109/IEEESTD.1984.119205}
% }
@online{js-array,
    title={Array - JavaScript},
    author={MDN},
    year={2025},
    url={https://developer.mozilla.org/en-US/docs/Web/JavaScript/Reference/Global_Objects/Array},
    urldate={2025-05-11}
}
@online{bigint,
    title={BigInt - JavaScript},
    author={MDN},
    year={2025},
    url={https://developer.mozilla.org/en-US/docs/Web/JavaScript/Reference/Global_Objects/BigInt},
    urldate={2025-05-11}
}
@article{tiwari2022amd,
  title={AMD’s comeback in the CPU market share with the launch of Ryzen},
  author={Tiwari, Vipul},
  journal={Int. J. Res. Circuits Devices Syst},
  volume={3},
  pages={17--23},
  year={2022}
}
@article{kogatambirth,
  title={The Birth, Evolution and Future of Microprocessor},
  author={Kogatam, Swetha}
}
@online{intel-y-amd,
   author          = {Ignacio Sala},
   title           = {Intel y AMD unen sus fuerzas para luchar contra ARM},
   year            = {2024},
   url             = {https://hardzone.es/noticias/procesadores/intel-amd-grupo-asesor-competir-arm/},
   urldate         = {2025-02-18},
}
@book{hennessy2011computer,
  title={Computer architecture: a quantitative approach},
  author={Hennessy, John L and Patterson, David A},
  year={2011},
  publisher={Elsevier}
}
@INPROCEEDINGS{8702357,
  author={Bytyn, Andreas and Leupers, Rainer and Ascheid, Gerd},
  booktitle={2019 IEEE International Symposium on Circuits and Systems (ISCAS)},
  title={An Application-Specific VLIW Processor with Vector Instruction Set for CNN Acceleration},
  year={2019},
  volume={},
  number={},
  pages={1-5},
  keywords={Registers;System-on-chip;Random access memory;Parallel processing;Arrays;Logic gates},
  doi={10.1109/ISCAS.2019.8702357}
}

@ARTICLE{1447203,
  author={Flynn, M.J.},
  journal={Proceedings of the IEEE},
  title={Very high-speed computing systems},
  year={1966},
  volume={54},
  number={12},
  pages={1901-1909},
  keywords={Computer aided instruction;Large-scale systems;Impedance matching;Art;Scientific computing;Arithmetic;Pervasive computing;Hardware;Turing machines},
  doi={10.1109/PROC.1966.5273}}

@INPROCEEDINGS{vector_research,
  author={Wang, Jiangdong and Yu, Lixin and Zhuang, Wei and Yang, Xue and Zhang, Shiyuan and Qin, Zhiyong},
  booktitle={2024 3rd International Conference on Cloud Computing, Big Data Application and Software Engineering (CBASE)}, 
  title={Research on Vector Extension of Instruction Set Architecture}, 
  year={2024},
  volume={},
  number={},
  pages={378-385},
  keywords={Surveys;Reduced instruction set computing;Single instruction multiple data;Scientific computing;System performance;Computer architecture;Vectors;Software;Servers;Software engineering;vector instruction set;RISC-V;ARM;x86},
  doi={10.1109/CBASE64041.2024.10824427}}

@online{intel-avx512,
  author          = {Intel},
  title           = {Maximize ROI and Performance for Demanding Workloads with Intel® Advanced Vector Extensions 512 (Intel® AVX-512)},
  year            = {2024},
  url             = {https://www.intel.com/content/www/us/en/products/docs/accelerator-engines/what-is-intel-avx-512.html},
  urldate         = {2024-03-02},
}

@online{intel-avx512-2,
  author          = {James R. Reinders},
  title           = {Intel® AVX-512 Instructions},
  year            = {2017},
  url             = {https://www.intel.com/content/www/us/en/developer/articles/technical/intel-avx-512-instructions.html?wapkw=avx-512},
  urldate         = {2024-03-02},
}
@online{avx-ibm,
  author          = {Intel},
  title           = {Intel® Technologies Accelerate IBM watsonx.data Up to 2.7X 1 for Faster Generative AI and Intelligent Decision Making},
  year            = {2024},
  url             = {https://www.intel.com/content/dam/www/central-libraries/us/en/documents/2024-06/ibm-watsonx-case-study.pdf},
  urldate         = {2024-03-02},
}
@online{avx-cmcc,
  author          = {Intel},
  title           = {CMCC Speeds Climate Change Modeling},
  year            = {2024},
  url             = {https://www.intel.com/content/dam/www/central-libraries/us/en/documents/2024-07/cmcc-hpc-case-study.pdf},
  urldate         = {2024-03-02},
}
@article{kaushikcase,
  title={CASE STUDY ON FAMILIES OF ARM PROCESSORS},
  author={Kaushik, Nainika},
  journal={International Journal of Management, Technology And Engineering},
  year={2012}
}

@online{arm-history,
  author          = {Charles Moir},
  title           = {The remarkable history of ARM},
  year            = {2020},
  url             = {https://medium.com/swlh/the-remarkable-story-of-arm-85760399c38d},
  urldate         = {2024-03-04},
}

@online{arm-history2,
  author          = {ARM editorial team},
  title           = {The Official History of ARM},
  year            = {2023},
  url             = {https://newsroom.arm.com/blog/arm-official-history},
  urldate         = {2024-03-04},
}

@online{arm-neon,
   author          = {ARM},
   title           = {Introducing NEON Development Article},
   year            = {2024},
   url             = {https://developer.arm.com/documentation/dht0002/a/Introducing-NEON/NEON-architecture-overview/NEON-instructions},
   urldate         = {2025-03-08},
}

@online{arm-instructionsNEON,
   author          = {ARM},
   title           = {ARM Compiler armasm User Guide Version 5.06},
   year            = {2024},
   url             = {https://developer.arm.com/documentation/dui0473/m/neon-instructions/summary-of-neon-instructions?lang=en},
   urldate         = {2025-03-08},
}
@online{arm-vfp,
   author          = {ARM},
   title           = {ARM Compiler v5.04 for µVision armasm User Guide},
   year            = {2024},
   url             = {https://developer.arm.com/documentation/dui0379/e/vfp-instructions/summary-of-vfp-instructions?lang=en},
   urldate         = {2025-03-08},
}

@ARTICLE{armv8-keyExchange,
  author={Streit, Silvan and De Santis, Fabrizio},
  journal={IEEE Transactions on Computers},
  title={Post-Quantum Key Exchange on ARMv8-A: A New Hope for NEON Made Simple},
  year={2018},
  volume={67},
  number={11},
  pages={1651-1662},
  keywords={Protocols;Neon;Transforms;Cryptography;Program processors;Quantum computing;ARMv8-A;NEON;ARM cortex-A53;post-quantum key exchange;ring-LWE;NewHope;NewHope-Simple;NTT},
  doi={10.1109/TC.2017.2773524}
}

@online{riscV-org,
   author          = {RISC-V International},
   title           = {About RISC-V International},
   year            = {2025},
   url             = {https://riscv.org/about/},
   urldate         = {2025-03-09},
}
@misc{mips-wiki,
  author = "{Wikipedia contributors}",
  title = "MIPS architecture --- {Wikipedia}{,} The Free Encyclopedia",
  year = "2025",
  url = "https://en.wikipedia.org/w/index.php?title=MIPS_architecture&oldid=1273092561",
  note = "[Online; accessed 5-April-2025]"
}
@article{riscv-2011,
  title={The risc-v instruction set manual, volume i: Base user-level isa},
  author={Waterman, Andrew and Lee, Yunsup and Patterson, David A and Asanovic, Krste},
  journal={EECS Department, UC Berkeley, Tech. Rep. UCB/EECS-2011-62},
  volume={116},
  pages={1--32},
  year={2011}
}
@techreport{riscv-isa2024,
  title       = {The RISC-V Instruction Set Manual Volume I: Unprivileged Architecture },
  type        = {ISA Spec.},
  number      = {20240411},
  year        = {2024},
  institution = {RISC-V International},
  note = {[En línea] Disponible en: \url{https://drive.google.com/file/d/1uviu1nH-tScFfgrovvFCrj7Omv8tFtkp/view} (Acceso: 09-03-2025)},
  %doi         = {10.1109/IEEESTD.1984.119205}
}

@article{asanovic2014instruction,
  title={Instruction sets should be free: The case for risc-v},
  author={Asanovi{\'c}, Krste and Patterson, David A},
  journal={EECS Department, University of California, Berkeley, Tech. Rep. UCB/EECS-2014-146},
  year={2014}
}

@online{riscv-ratificationEspects,
   author          = {RISC-V International},
   title           = {Ratified Extensions - Home - RISC-V Tech Hub},
   year            = {2025},
   url             = {https://lf-riscv.atlassian.net/wiki/spaces/HOME/pages/16154732/Ratified+Extensions},
   urldate         = {2025-03-09},
}

@INPROCEEDINGS{riscv-studyCase,
  author={Razilov, Viktor and Matúš, Emil and Fettweis, Gerhard},
  booktitle={2022 International Wireless Communications and Mobile Computing (IWCMC)}, 
  title={Communications Signal Processing Using RISC-V Vector Extension}, 
  year={2022},
  volume={},
  number={},
  pages={690-695},
  keywords={Wireless communication;Program processors;Scalability;Symbols;Signal processing;Parallel processing;Throughput;Communications processing;GFDM;RISC-V;Vector processor},
  doi={10.1109/IWCMC55113.2022.9824961}}

@misc{vec-riscv,
  author = {riscvarchive},
  title = {riscv-v-spec},
  year = {2024},
  publisher = {GitHub},
  journal = {GitHub repository},
  howpublished = {\url{https://github.com/riscvarchive/riscv-v-spec/blob/master/v-spec.adoc}},
  urldate={2025-05-28}
}
@misc{spike,
  author = {riscv-software-src},
  title = {riscv-isa-sim},
  year = {2021},
  publisher = {GitHub},
  journal = {GitHub repository},
  howpublished = {\url{https://github.com/riscv-software-src/riscv-isa-sim}},
  urldate={2025-03-11}
}

@online{sail,
    author  = {Amstrong, Alasdair and Baureiss, Thomas and Campbell, Brian and Gray, Kathryn E. and Norton-Wright, Robert and Pulte, Christopher and Peter, Sewell},
    title   = {The Sail instruction-set semantics specification language},
    year    = {2024},
    url     = {https://alasdair.github.io/manual.html},
    urldate = {2025-03-11}
}


@misc{sail-riscv,
  author = {riscv},
  title = {sail-riscv},
  year = {2025},
  publisher = {GitHub},
  journal = {GitHub repository},
  howpublished = {\url{https://github.com/riscv/sail-riscv}},
  urldate={2025-03-13}
}

@article{camarmas2024creator,
  title={CREATOR: An Educational Integrated Development Environment for RISC-V Programming},
  author={Camarmas-Alonso, Diego and Garcia-Carballeira, Felix and Calderon-Mateos, Alejandro and Del-Pozo-Pu{\~n}al, Elias},
  journal={IEEE Access},
  year={2024},
  publisher={IEEE}
}

@phdthesis{luisda,
  title={Analysis, Design and Implementation of a Didactic and Generic Assembly Language Simulator},
  type ={Trabajo de Fin de Grado},
  address={Av. Universidad, Leganés},
  author={Luis Daniel Casais Mezquida},
  school={Universidad Carlos III de Madrid},
  month={Junio},
  year={2024},
}

@phdthesis{camarmasCREATOR,
  title={Diseño y desarrollo de un simulador genérico para programación en ensamblador},
  type ={Trabajo de Fin de Grado},
  address={Av. Universidad, Leganés},
  author={Diego Camarmas Alonso},
  school={Universidad Carlos III de Madrid},
  month={Julio},
  year={2019},
}

@online{creator-riscvFoundation,
    title = {RISC-V Simulators - RISC-V},
    author = {RISC-V School},
    year = {2022},
    url = {https://www.riscvschool.com/risc-v-simulators/},
    urldate = {2025-03-13}

}
@ARTICLE{requirements,
  author={},
  journal={IEEE Std 830-1984}, 
  title={IEEE Guide for Software Requirements Specifications}, 
  year={1984},
  volume={},
  number={},
  pages={1-26},
  keywords={Software engineering;System analysis and design;software;requirements;specifications},
  doi={10.1109/IEEESTD.1984.119205}}


@online{javascript,
    author  = {MDN},
    title   = {JavScript},
    year    = {2025},
    url     = {https://developer.mozilla.org/en-US/docs/Web/JavaScript},
    urldate = {2025-04-18}
}
@online{webassembly,
    title = {WebAssembly},
    author = {MDN},
    year = {2025},
    url = {https://developer.mozilla.org/en-US/docs/WebAssembly},
    urldate = {2025-04-18}
}

@manual{strcpy,
 title      = "strcpy(3) — Linux manual page",
 %author        = "",
 %organization  = "",
 %address   = "",
 %edition   = "",
 year       = "2024",
 month      = "Noviembre",
 %note      = "",
 url = {https://man7.org/linux/man-pages/man3/strcat.3.html},
 urldate={2025-04-20}
}

@online{www-consortium,
    title={W3C},
    author={W3C},
    year={2025},
    url={https://www.w3.org/},
    urldate={2025-05-10}
}


@online{html5-standard,
    title={HTML Standard},
    author={WHATWG community},
    year={2025},
    url={https://html.spec.whatwg.org/multipage/#toc-introduction},
    urldate={2025-05-10}
}

@online{htm4vshtml5,
    title={HTML5 Differences from HTML4},
    author={W3C},
    year={2014},
    url={https://www.w3.org/TR/html5-diff/},
    urldate={2025-05-10}
}

@online{css,
    title={CSS: Cascade Style Sheets},
    author={MDN},
    year={2025},
    url={https://developer.mozilla.org/en-US/docs/Web/CSS},
    urldate={2025-05-10}
}

@online{EMACScript,
    title={ECMAScript 2026 Language Specification},
    author={ecma International},
    year={2025},
    url={https://tc39.es/ecma262/},
    urldate={2025-05-10}
}

@online{vuejs,
    title={Vue.js - The Progressive JavaScript Framework},
    author={Vue.js},
    year={2025},
    url={https://vuejs.org},
    urldate={2025-05-10}
}
@ARTICLE{6204026,
  author={},
  journal={IEEE Std 1012-2012 (Revision of IEEE Std 1012-2004)}, 
  title={IEEE Standard for System and Software Verification and Validation}, 
  year={2012},
  volume={},
  number={},
  pages={1-223},
  keywords={IEEE standards;Software testing;Formal verification;Hazards;Environmental factors;Product life cycle management;Security;Software reusability;environmental verification and validation (V&V) factors;hardware V&V;IEEE 1012;integrity level;independent V&V (IV&V);risk/hazard/security analyses;software life cycle;software V&V;system life cycle;system V&V;V&V;V&V measures;V&V of reuse software},
  doi={10.1109/IEEESTD.2012.6204026}}

@ARTICLE{cascade,
  author={Benington, Herbert D.},
  journal={Annals of the History of Computing}, 
  title={Production of Large Computer Programs}, 
  year={1983},
  volume={5},
  number={4},
  pages={350-361},
  keywords={Large-scale systems;Military computing;Software maintenance;History;Information processing;Mathematical programming;Software systems;Software testing;System testing},
  doi={10.1109/MAHC.1983.10102}
}

@ARTICLE{spiral,
  author={Boehm, B. W.},
  journal={Computer}, 
  title={A spiral model of software development and enhancement}, 
  year={1988},
  volume={21},
  number={5},
  pages={61-72},
  abstract={A short description is given of software process models and the issues they address. An outline is given of the process steps involved in the spiral model, an evolving risk-driven approach that provides a framework for guiding the software process, and its application to a software project is shown. A summary is given of the primary advantages and implications involved in using the spiral model and the primary difficulties in using it at its current incomplete level of elaboration.<>},
  keywords={Spirals;Programming;Military computing;Software prototyping;Testing;Application software;Productivity;Navigation;Prototypes},
  doi={10.1109/2.59},
  ISSN={1558-0814},
  month={May}
}

@online{MIT-license,
author={},
title={The MIT license},
url={https://opensource.org/license/MIT},
urldate={2025-05-27}
}

@online{gnu-license,
author={},
title={The GNU General Public License (GPL)},
url={https://www.gnu.org/licenses/gpl-3.0.en.html},
urldate={2025-05-27}
}
@online{rgpd,
    title = {General Data Protection Regulation (GDPR)},
    author = {European Union},
    year = {2025},
    url = {https://gdpr-infto.eu/},
    urldate = {2025-05-01}
}

@online{intel-8086,
    title = {The Intel 8086 and de IBM PC},
    author = {Intel},
    year = {2025},
    url = {https://www.intel.com/content/www/us/en/history/virtual-vault/articles/the-8086-and-the-ibm-pc.html},
    urldate = {2025-06-05}
}

@online{gdb,
    title = {GDB: The GNU Project Debugger},
    author = {The GNU Project},
    year = {2025},
    url = {https://www.sourceware.org/gdb/},
    urldate = {2025-06-05}
}
@misc{ley-de-datos,
    title = {Ley Orgánica de Protección de Datos Personales y Garantía de Derechos},
    year = {2018},
    author = {BOE}
}


@misc{creatorcompiler,
  author = {ALVAROPING1},
  title = {CreatorCompiler},
  year = {2025},
  publisher = {GitHub},
  journal = {GitHub repository},
  howpublished = {\url{https://github.com/ALVAROPING1/CreatorCompiler}},
  urldate={2025-05-30}
}
